<record xmlns:xsi="http://www.w3.org/2001/XMLSchema-instance" xmlns="http://www.loc.gov/MARC21/slim" xsi:schemaLocation="http://www.loc.gov/MARC21/slim http://www.loc.gov/standards/marcxml/schema/MARC21slim.xsd">

  <leader>00512nam a2200157   4500</leader>
  <controlfield tag="008">160829b2009    s  a|||| |||| 00| | spa d</controlfield>
  <datafield ind1=" " tag="090" ind2=" ">
    <subfield code="a">14.02.03</subfield>
    <subfield code="b">2371</subfield>
  </datafield>
  <datafield ind2=" " tag="100" ind1="1">
    <subfield code="9">1947</subfield>
    <subfield code="a">Corrales Rodrigáñez, Capi</subfield>
  </datafield>
  <datafield ind2="3" ind1="1" tag="245">
    <subfield code="a">Un paseo por Madrid /</subfield>
    <subfield code="c">Capi Corrales Rodrigáñez </subfield>
  </datafield>
  <datafield ind2=" " ind1=" " tag="260">
    <subfield code="a">[Madrid] :</subfield>
    <subfield code="b">Fundación Española para la Ciencia y la Tecnología,</subfield>
    <subfield code="c">2009?</subfield>
  </datafield>
  <datafield ind1=" " tag="300" ind2=" ">
    <subfield code="a">1 volumen (sin paginar);</subfield>
    <subfield code="b">ilustraciones</subfield>
  </datafield>
  <datafield ind2="4" ind1="1" tag="650">
    <subfield code="9">55</subfield>
    <subfield code="a">MUJERES</subfield>
  </datafield>
  <datafield tag="650" ind1="1" ind2="4">
    <subfield code="9">22</subfield>
    <subfield code="a">HISTORIA</subfield>
  </datafield>
  <datafield tag="650" ind1="1" ind2="4">
    <subfield code="9">968</subfield>
    <subfield code="a">BIOGRAFÍAS</subfield>
  </datafield>
  <datafield ind2=" " tag="942" ind1=" ">
    <subfield code="2">z</subfield>
    <subfield code="c">01</subfield>
  </datafield>
  <datafield tag="999" ind1=" " ind2=" ">
    <subfield code="c">3309</subfield>
    <subfield code="d">3309</subfield>
  </datafield>
</record>